@inproceedings{compute-caches,
	author = {},
	title = {},
	year = {},
	publisher = {},
	booktitle = {},
	series = {}
}
